<?xml version="1.0" encoding="UTF-8"?><collection xmlns="http://www.loc.gov/MARC21/slim"><record><leader>00487nam--2200169-u-4500</leader><controlfield tag="001">000053085</controlfield><controlfield tag="002">20161230</controlfield><controlfield tag="005">20161230201050</controlfield><controlfield tag="008">110105s1000------------r-----000-0-eng-d</controlfield><datafield ind1=" " ind2=" " tag="040"><subfield code="a">IFIN-HH</subfield></datafield><datafield ind1=" " ind2=" " tag="080"><subfield code="a">539.1:539.12(061.3)</subfield></datafield><datafield ind1="1" ind2=" " tag="100"><subfield code="a">Antanasijevici, R</subfield></datafield><datafield ind1="1" ind2="0" tag="245"><subfield code="a">Nuclear and particle physics</subfield><subfield code="b">Series a: conferences</subfield><subfield code="c">R. ANTANASIJEVICI; I. ANICIN (Eds.)</subfield></datafield><datafield ind1=" " ind2=" " tag="260"><subfield code="a">Belgrade</subfield><subfield code="b">Institute Of Physics</subfield><subfield code="c">1998</subfield></datafield><datafield ind1=" " ind2=" " tag="300"><subfield code="a">319P</subfield></datafield><datafield ind1=" " ind2=" " tag="852"><subfield code="a">81144</subfield><subfield code="c">539</subfield></datafield><datafield ind1=" " ind2=" " tag="CAT"><subfield code="a">Sys</subfield><subfield code="c">20110105</subfield><subfield code="h">122820</subfield></datafield></record></collection>